<?xml version="1.0" encoding="UTF-8"?><collection xmlns="http://www.loc.gov/MARC21/slim"><record><leader>00437nam--2200157-i-4500</leader><controlfield tag="001">000002731</controlfield><controlfield tag="002">20161230</controlfield><controlfield tag="005">20170113235628</controlfield><controlfield tag="008">060222s1000------------r-----000-0-eng-d</controlfield><datafield ind1=" " ind2=" " tag="245"><subfield code="a">Biological studies with polonium, radium and plutonium</subfield></datafield><datafield ind1=" " ind2=" " tag="260"><subfield code="a">New York</subfield><subfield code="b">Mcgraw-hill</subfield><subfield code="c">1950</subfield></datafield><datafield ind1=" " ind2=" " tag="300"><subfield code="a">XVI + 411 p</subfield></datafield><datafield ind1=" " ind2=" " tag="490"><subfield code="a">National Nuclear Energy Series, Vi- 3</subfield></datafield><datafield ind1=" " ind2=" " tag="700"><subfield code="a">Fink, Robert M</subfield></datafield><datafield ind1=" " ind2=" " tag="852"><subfield code="a">1O736</subfield></datafield><datafield ind1=" " ind2=" " tag="CAT"><subfield code="a">SYS</subfield><subfield code="c">20170113</subfield><subfield code="h">235628</subfield></datafield></record></collection>